@misc{debianAPTLOG,
	title = "\url{https://www.debian.org/doc/manuals/debian-reference/ch02.en.html#_verification_of_installed_package_files}",
	year = "consultado el 1 de Diciembre de 2016",
}

@misc{RedHatAPTLOG,
	title = "\url{https://access.redhat.com/documentation/en-US/Red_Hat_Enterprise_Linux/6/html/Deployment_Guide/s1-managing_log_files_in_a_graphical_environment.html#s2-logfiles-viewing}",
	year = "consultado el 1 de Diciembre de 2016",
}

@misc{CRON.DAILY,
	title = "\url{https://debian-handbook.info/browse/es-ES/stable/sect.task-scheduling-cron-atd.html}",
	year = "consultado el 2 de Diciembre de 2016",
}

@misc{Logrotate,
	title = "\url{http://manpages.ubuntu.com/manpages/precise/man8/logrotate.8.html}",
	year = "consultado el 2 de Diciembre de 2016",
}

@misc{FILElogs,
	title = "\url{https://debian-administration.org/article/117/Creating_logfile_archives_with_logrotate}",
	year = "consultado el 2 de Diciembre de 2016",
}

@misc{CRONTAB,
	title = "\url{https://debian-handbook.info/browse/es-ES/stable/sect.task-scheduling-cron-atd.html}",
	year = "consultado el 2 de Diciembre de 2016",
}

@misc{DMESG,
	title = "\url{http://manpages.ubuntu.com/manpages/wily/man1/dmesg.1.html}",
	year = "consultado el 3 de Diciembre de 2016",
}

@misc{PERFORM,
	title = "\url{https://technet.microsoft.com/es-es/library/cc722414(v=ws.11).aspx}",
	year = "consultado el 3 de Diciembre de 2016",
}

@misc{PYTHON,
	title = "\url{https://docs.python.org/2/library/profile.html}",
	year = "consultado el 4 de Diciembre de 2016",
}

@misc{CREARBASEDATOSmysql,
	title = "\url{http://dev.mysql.com/doc/refman/5.7/en/create-database.html}",
	year = "consultado el 4 de Diciembre de 2016",
}

@misc{CREARTABLAmysql,
	title = "\url{http://dev.mysql.com/doc/refman/5.7/en/create-table.html}",
	year = "consultado el 4 de Diciembre de 2016",
}

@misc{INSERTARDATOSmysql,
	title = "\url{http://dev.mysql.com/doc/refman/5.7/en/insert.html}",
	year = "consultado el 4 de Diciembre de 2016",
}

@misc{CONSULTAmysql,
	title = "\url{http://dev.mysql.com/doc/refman/5.7/en/select.html}",
	year = "consultado el 4 de Diciembre de 2016",
}