@misc{SYSCTL,
	title = "\url{http://manpages.ubuntu.com/manpages/precise/en/man8/sysctl.8.html}",
	year = "consultado el 30 de Diciembre de 2016",
}

@misc{SYSCTL.CONF,
	title = "\url{http://manpages.ubuntu.com/manpages/precise/man5/sysctl.conf.5.html}",
	year = "consultado el 30 de Diciembre de 2016",
}

@misc{REGISTERWINDOWS,
	title = "\url{https://support.microsoft.com/es-es/kb/322756}",
	year = "consultado el 30 de Diciembre de 2016",
}

@misc{HABILITARCOMPRESION,
	title = "\url{https://support.microsoft.com/es-es/kb/930909}",
	year = "consultado el 30 de Diciembre de 2016",
}

@misc{UGR,
	title = "\url{https://www.ugr.es/}",
	year = "consultado el 30 de Enero de 2017",
}

@misc{INSTALACIONPOINTRESTORE,
	title = "\url{https://technet.microsoft.com/es-es/library/cc732081(v=ws.11).aspx}",
	year = "consultado el 14 de Enero de 2017",
}

@misc{RESTOREREGISTRY,
	title = "\url{https://support.microsoft.com/en-gb/help/322756/how-to-back-up-and-restore-the-registry-in-windows}",
	year = "consultado el 14 de Enero de 2017",
}

@misc{AIOSTRESS,
	title = "\url{https://openbenchmarking.org/test/pts/aio-stress}",
	year = "consultado el 14 de Enero de 2017",
}

@misc{BENCHMARKPHORONIXEXT3,
	title = "\url{http://openbenchmarking.org/result/1701145-SO-UBUNTUEXT71}",
	year = "consultado el 14 de Enero de 2017",
}

@misc{BENCHMARKPHORONIXEXT4,
	title = "\url{http://openbenchmarking.org/result/1701144-SO-UBUNTUEXT84}",
	year = "consultado el 14 de Enero de 2017",
}

@misc{REDHATESTUDIO,
	title = "\url{http://www.redhat.com/f/pdf/2010_AIM_Reference_Architecture_V1_11-2010.pdf}",
	year = "consultado el 14 de Enero de 2017",
}

@misc{FILESYSTEM,
	title = "\url{https://help.ubuntu.com/community/LinuxFilesystemsExplained}",
	year = "consultado el 14 de Enero de 2017",
}

@misc{FILESYSTEMIBM,
	title = "\url{http://web.archive.org/web/20131010204613/http://www.ibm.com/developerworks/linux/library/l-ext4/}",
	year = "consultado el 14 de Enero de 2017",
}




