@misc{cuestion1,
	title = "\url{http://www.vmware.com/latam/solutions/virtualization.html}",
	year = "consultado el 9 de octubre de 2016",
	key=01
}

@misc{cuestion2A,
	title = "\url{https://www.inmotionhosting.com/vps-hosting}",
	year = "consultado el 9 de octubre de 2016",
	key=02
}

@misc{cuestion2B,
	title = "\url{https://www.1and1.es/servidores-virtuales}",
	year = "consultado el 9 de octubre de 2016",
	key=03
}

@misc{cuestion2C,
	title = "\url{https://www.arvixe.com/vps_virtual_private_servers_hosting}",
	year = "consultado el 9 de octubre de 2016",
	key=04
}

@misc{cuestion2D,
	title = "\url{https://www.inmotionhosting.com/dedicated-servers}",
	year = "consultado el 9 de octubre de 2016",
	key=05
}

@misc{cuestion2E,
	title = "\url{https://goo.gl/KvkVEs}",
	year = "consultado el 9 de octubre de 2016",
	key=06
}

@misc{cuestion2F,
	title = "\url{https://www.arvixe.com/managed_dedicated_servers}",
	year = "consultado el 9 de octubre de 2016",
	key=07
}

@misc{cuestion3Ab,
	title = "\url{https://goo.gl/ceFusp}",
	year = "consultado el 15 de octubre de 2016",
	key=08
}

@misc{cuestion3Aa,
	title = "\url{https://goo.gl/rFqZCZ}",
	year = "consultado el 15 de octubre de 2016",
	key=09
}

@misc{DifWS2016,
	title = "\url{https://goo.gl/PCNVua}",
	year = "consultado el 15 de octubre de 2016",
	key=10
}

@misc{cuestion3B,
	title = "\url{https://goo.gl/vrs3xH}",
	year = "consultado el 15 de octubre de 2016",
	key=11
}

@misc{cuestion4A,
	title = "\url{http://maas.ubuntu.com/docs1.6/}",
	year = "consultado el 15 de octubre de 2016",
	key=12
}

@misc{cuestion4B,
	title = "\url{https://landscape.canonical.com/}",
	year = "consultado el 15 de octubre de 2016",
	key=13
}

@misc{LandscapeDocumentation,
	title = "\url{https://goo.gl/6sLILE}",
	year = "consultado el 15 de octubre de 2016",
	key=14
}

@misc{cuestion5B,
	title = "\url{https://goo.gl/55G2Ml}",
	year = "consultado el 15 de octubre de 2016",
	key=15
}

@misc{cuestion5BB,
	title = "\url{https://goo.gl/S5eYNp}",
	year = "consultado el 15 de octubre de 2016",
	key=16
}

@misc{RAIDRed_Hat,
	title = "\url{https://goo.gl/9i1x8g}",
	year = "consultado el 9 de octubre de 2016",
	key=17
}

@misc{cuestion5C,
	title = "\url{https://goo.gl/41InE5}",
	year = "consultado el 15 de octubre de 2016",
	key=18
}

@misc{RAIDSWGentoo,
	title = "\url{https://goo.gl/cGBvle}",
	year = "consultado el 15 de octubre de 2016",
	key=19
}

@misc{cuestion6A,
	title = "\url{http://www.dakel.com/pdf/WP%20Seguridad%20RAID%20HW.pdf}",
	year = "consultado el 15 de octubre de 2016",
	key=20
}

@misc{ManualDebian,
	title = "\url{https://goo.gl/4MOT8i}",
	year = "consultado el 15 de octubre de 2016",
	key=21
}

@misc{cuestion7C,
	title = "\url{https://goo.gl/oTNAxJ}",
	year = "consultado el 15 de octubre de 2016",
	key=22
}

@misc{cuestion8BB,
	title = "\url{https://www.gnu.org/software/grub/manual/grub.html}",
	year = "consultado el 15 de octubre de 2016",
	key=23
}

@misc{IBMLVM,
	title = "\url{https://goo.gl/jAgkwh}",
	year = "consultado el 15 de octubre de 2016",
	key=24
}

@misc{RedHatVentajasLVM,
	title = "\url{https://goo.gl/p3sWwT}",
	year = "consultado el 15 de octubre de 2016",
	key=25
}

@misc{ManualInstalacionDebian,
	title = "\url{https://goo.gl/3y20lt}",
	year = "consultado el 15 de octubre de 2016",
	key=26
}

@misc{MicrosoftDatacenterVSStandard,
	title = "\url{https://goo.gl/zzQuPA}",
	year = "consultado el 23 de octubre de 2016",
	key=27
}

@misc{ManualVirtualBox,
	title = "\url{https://www.virtualbox.org/manual/UserManual.html}",
	year = "consultado el 23 de octubre de 2016",
	key=28
}

@misc{ManualVMWARE,
	title = "\url{http://www.vmware.com/pdf/ws6_manual.pdf}",
	year = "consultado el 23 de octubre de 2016",
	key=29
}

@misc{VPSvsDedInmotion,
	title = "\url{https://www.inmotionhosting.com/vps-hosting/articles/dedicated-or-vps}",
	year = "consultado el 9 de octubre de 2016",
	key=30
}

@misc{RedHatSFext4,
	title = "\url{https://goo.gl/BfssO5}",
	year = "consultado el 9 de octubre de 2016",
	key=31
}

@misc{MDADMMAN,
	title = "\url{http://manpages.ubuntu.com/manpages/precise/man8/mdadm.8.html}",
	year = "consultado el 25 de octubre de 2016",
	key=32
}

@misc{WS2016DataStandard,
	title = "\url{https://goo.gl/pkIwEF}",
	year = "consultado el 25 de octubre de 2016",
	key=33
}